@misc{exchange, title={Checking if CPU supports rdrand}, url={https://codereview.stackexchange.com/questions/147656/checking-if-cpu-supports-rdrand}, journal={c - Checking if CPU supports rdrand - Code Review Stack Exchange}},

@misc{overflow, title={How I can get the random number from Intel's processor with assembler?}, url={https://stackoverflow.com/questions/11407103/how-i-can-get-the-random-number-from-intels-processor-with -assembler}, journal={c - How I can get the random number from Intel's processor with assembler? - Stack Overflow}},



@book{downey_2008, place={Needham}, title={The little book of semaphores}, publisher={Green Tea Press}, author={Downey, A.B}, year={2008}},

@misc{qemu, title={QEMU Manual},  url={https://qemu.weilnetz.de/doc/qemu-doc.html}, journal={QEMU version 2.10.1 User Documentation}}
