@book{linux_device_drivers,
title={Linux Device Drivers},
edition={3},
author={Corbet, Jonathan and Rubini, Alessandro and Kroah-Hartman, Greg},
publisher={O'Reilly Media, Inc.},
year={2005}}
